<record><leader>00000cas a2200000 a 4500</leader><controlfield tag="001">10186097</controlfield><controlfield tag="008">831203d18601893ohuwr ne      0    0eng c</controlfield><datafield ind1=" " ind2=" " tag="010"><subfield code="a">sn 83035633 </subfield></datafield><datafield ind1=" " ind2=" " tag="040"><subfield code="a">NPY</subfield><subfield code="b">eng</subfield><subfield code="c">NPY</subfield><subfield code="d">NPX</subfield><subfield code="d">DLC</subfield><subfield code="d">NPU</subfield><subfield code="d">ONP</subfield><subfield code="d">MGN</subfield><subfield code="d">CNK</subfield><subfield code="d">NVK</subfield><subfield code="d">NVF</subfield><subfield code="d">OCL</subfield><subfield code="d">IUL</subfield><subfield code="d">DLC</subfield><subfield code="d">IUL</subfield><subfield code="d">CUI</subfield><subfield code="d">OCLCQ</subfield><subfield code="d">OCLCF</subfield></datafield><datafield ind1="1" ind2=" " tag="029"><subfield code="a">AU@</subfield><subfield code="b">000004321050</subfield></datafield><datafield ind1=" " ind2=" " tag="042"><subfield code="a">pcc</subfield></datafield><datafield ind1=" " ind2=" " tag="043"><subfield code="a">n-us-oh</subfield></datafield><datafield ind1="0" ind2="0" tag="050"><subfield code="a">Newspaper</subfield></datafield><datafield ind1=" " ind2="4" tag="050"><subfield code="a">AN</subfield></datafield><datafield ind1="0" ind2=" " tag="130"><subfield code="a">Scioto gazette (Chillicothe, Ross County, Ohio : 1860)</subfield></datafield><datafield ind1="1" ind2="4" tag="245"><subfield code="a">The Scioto gazette.</subfield></datafield><datafield ind1=" " ind2=" " tag="260"><subfield code="a">Chillicothe, Ohio :</subfield><subfield code="b">A.P. Miller,</subfield><subfield code="c">1860-</subfield></datafield><datafield ind1=" " ind2=" " tag="300"><subfield code="a">v.</subfield></datafield><datafield ind1=" " ind2=" " tag="310"><subfield code="a">Weekly</subfield></datafield><datafield ind1="0" ind2=" " tag="362"><subfield code="a">Vol. 61, no. 1 (Feb. 28, 1860)-</subfield></datafield><datafield ind1="1" ind2=" " tag="362"><subfield code="a">Ceased in 1893.</subfield></datafield><datafield ind1=" " ind2=" " tag="500"><subfield code="a">Publishers: N.H. Taylor, &lt;1863&gt;; T.D. &amp; S.A. Fitch, &lt;1867&gt;; J.R.S. Bond &amp; Son, &lt;1873&gt;; Richard G. Lewis, &lt;1888&gt;.</subfield></datafield><datafield ind1=" " ind2=" " tag="500"><subfield code="a">Republican, &lt;1892&gt;.</subfield></datafield><datafield ind1=" " ind2=" " tag="500"><subfield code="a">"Devoted to news, literature, politics, agriculture and home interests," Aug. 8, 1865-May 29, 1866.</subfield></datafield><datafield ind1=" " ind2=" " tag="515"><subfield code="a">Vol. 67, no 16 (June 5, 1866)-&lt;v. 67, no 45 (Dec. 25, 1866)&gt; also called whole no. 3448-&lt;3477&gt;.</subfield></datafield><datafield ind1=" " ind2=" " tag="530"><subfield code="a">Available on microfilm from Microfilm Corp., Cleveland, Ohio.</subfield></datafield><datafield ind1=" " ind2=" " tag="580"><subfield code="a">Merged with: Chillicothe leader; to form: Leader-gazette.</subfield></datafield><datafield ind1=" " ind2="0" tag="651"><subfield code="a">Chillicothe (Ross County, Ohio)</subfield><subfield code="v">Newspapers.</subfield></datafield><datafield ind1=" " ind2="0" tag="651"><subfield code="a">Ross County (Ohio)</subfield><subfield code="v">Newspapers.</subfield></datafield><datafield ind1=" " ind2="7" tag="655"><subfield code="a">Newspapers.</subfield><subfield code="2">fast</subfield><subfield code="0">(OCoLC)fst01423814</subfield></datafield><datafield ind1=" " ind2="7" tag="651"><subfield code="a">Ohio</subfield><subfield code="z">Chillicothe (Ross County)</subfield><subfield code="2">fast</subfield><subfield code="0">(OCoLC)fst01312400</subfield></datafield><datafield ind1=" " ind2="7" tag="651"><subfield code="a">Ohio</subfield><subfield code="z">Ross County.</subfield><subfield code="2">fast</subfield><subfield code="0">(OCoLC)fst01213452</subfield></datafield><datafield ind1=" " ind2=" " tag="752"><subfield code="a">United States</subfield><subfield code="b">Ohio</subfield><subfield code="c">Ross</subfield><subfield code="d">Chillicothe.</subfield></datafield><datafield ind1="0" ind2="8" tag="776"><subfield code="t">Scioto gazette (Chillicothe, Ross County, Ohio : 1860 : Online)</subfield><subfield code="w">(OCoLC)680303810</subfield></datafield><datafield ind1="0" ind2="0" tag="780"><subfield code="t">Weekly Scioto gazette</subfield><subfield code="w">(DLC)sn 83035632</subfield><subfield code="w">(OCoLC)10186087</subfield></datafield><datafield ind1="1" ind2="7" tag="785"><subfield code="t">Chillicothe leader</subfield><subfield code="w">(DLC)sn 83035634</subfield><subfield code="w">(OCoLC)10186108</subfield></datafield><datafield ind1="1" ind2="7" tag="785"><subfield code="t">Leader-gazette</subfield><subfield code="w">(DLC)sn 83035635</subfield><subfield code="w">(OCoLC)10186117</subfield></datafield></record>